<?xml version="1.0" encoding="UTF-8"?><collection xmlns="http://www.loc.gov/MARC21/slim"><record><leader>00623nam--2200193-i-4500</leader><controlfield tag="001">000020302</controlfield><controlfield tag="002">20161230</controlfield><controlfield tag="005">20161230201033</controlfield><controlfield tag="008">060222s1000------------r-----000-0-rum-d</controlfield><datafield ind1=" " ind2=" " tag="040"><subfield code="a">IFIN-HH</subfield></datafield><datafield ind1=" " ind2=" " tag="041"><subfield code="a">rum</subfield></datafield><datafield ind1=" " ind2=" " tag="080"><subfield code="a">531(07)</subfield></datafield><datafield ind1="1" ind2=" " tag="100"><subfield code="a">Vrejoiu, C., Hristev, A./S.A.</subfield></datafield><datafield ind1="1" ind2="0" tag="245"><subfield code="a">Fizica mecanica</subfield><subfield code="b">Pentru perfectionarea profesorilor</subfield><subfield code="c">C. Vrejoiu, G. Ionescu, I. Merches, A. Hristev, D. Iordache, O. Aczel, L. Burlacu, L. Muller, G. Rusu, I. Barbur</subfield></datafield><datafield ind1=" " ind2=" " tag="260"><subfield code="a">Bucuresti, Editura Didactica Si Pedagogica, 1983</subfield></datafield><datafield ind1=" " ind2=" " tag="300"><subfield code="a">400 P</subfield></datafield><datafield ind1="1" ind2=" " tag="700"><subfield code="a">Barbur, I</subfield></datafield><datafield ind1=" " ind2=" " tag="852"><subfield code="a">71967</subfield><subfield code="c">531</subfield></datafield><datafield ind1=" " ind2=" " tag="CAT"><subfield code="a">Sys</subfield><subfield code="c">20100701</subfield><subfield code="h">111141</subfield></datafield></record></collection>